%% This BibTeX bibliography file was created using BibDesk.
%% http://bibdesk.sourceforge.net/


%% Created for Lauro Cesar Araujo at 2015-04-27 19:43:45 -0300 

%% Modificado por Elias Alves para customizações da UFVJM
%% 
%% ##>>====>> IMPORTANTE <<=====<<##
%% O Subtítulo deve ser iniciado com letra minúscula para atender à norma
%% da UFVJM. Não é necessário incluir : (dois pontos) após o título,
%% pois o pacote faz isso de forma automática 

%% Saved with string encoding Unicode (UTF-8) 



@book{ibge1993,
	address = {Rio de Janeiro},
	author = {IBGE},
	date-added = {2013-08-21 13:56:10 +0000},
	date-modified = {2013-08-21 13:56:10 +0000},
	edition = {3},
	organization = {http://biblioteca.ibge.gov.br/visualizacao/livros/liv23907.pdf},
	publisher = {Centro de Documentação e Disseminação de Informações. Fundação Intituto Brasileiro de Geografia e Estatística},
	title = {Normas de apresentação tabular},
	urlaccessdate = {2013-08-21},
	year = {1993}}

@online{abntex2-wiki-como-customizar,
	author = {Lauro César Araujo},
	date-added = {2013-03-23 21:39:21 +0000},
	date-modified = {2015-04-27 22:43:06 +0000},
	Howpublished = {Wiki do abnTeX2},
	keywords = {wiki},
	title = {Como customizar o abnTeX2},
	url = {https://github.com/abntex/abntex2/wiki/ComoCustomizar},
	urlaccessdate = {2015-04-27},
	year = {2015},
	bdsk-url-1 = {https://github.com/abntex/abntex2/wiki/ComoCustomizar}}

@manual{talbot2012,
	author = {Nicola L.C. Talbot},
	date-added = {2013-03-11 12:06:04 +0000},
	date-modified = {2013-03-11 12:06:56 +0000},
	month = {11},
	title = {User Manual for glossaries.sty},
	url = {http://mirrors.ctan.org/macros/latex/contrib/glossaries/glossaries-user.pdf},
	urlaccessdate = {2013-03-11},
	year = {2012},
	bdsk-url-1 = {http://mirrors.ctan.org/macros/latex/contrib/glossaries/glossaries-user.pdf}}

@manual{babel,
	author = {Johannes Braams},
	date-added = {2013-02-17 13:37:14 +0000},
	date-modified = {2013-02-17 13:38:38 +0000},
	month = {04},
	title = {Babel, a multilingual package for use with LATEX's standard document classes},
	url = {http://mirrors.ctan.org/info/babel/babel.pdf},
	urlaccessdate = {2013-02-17},
	year = {2008},
	bdsk-url-1 = {http://mirrors.ctan.org/info/babel/babel.pdf}}

@manual{abntex2modelo-artigo,
	annote = {Este documento é derivado do \cite{abnt-bibtex-doc}},
	author = {Lauro César Araujo},
	date-added = {2013-01-15 00:10:35 +0000},
	date-modified = {2015-04-27 22:43:13 +0000},
	organization = {Equipe abnTeX2},
	title = {Modelo Canônico de Artigo Científico com abnTeX2},
	url = {http://www.abntex.net.br/},
	year = {2015},
	bdsk-url-1 = {http://www.abntex.net.br/}}

@manual{abntex2modelo-relatorio,
	annote = {Este documento é derivado do \cite{abnt-bibtex-doc}},
	author = {Lauro César Araujo},
	date-added = {2013-01-15 00:05:34 +0000},
	date-modified = {2015-04-27 22:43:18 +0000},
	organization = {Equipe abnTeX2},
	title = {Modelo Canônico de Relatório Técnico e/ou Científico com abnTeX2},
	url = {http://www.abntex.net.br/},
	year = {2015},
	bdsk-url-1 = {http://www.abntex.net.br/}}

@manual{abntex2modelo,
	annote = {Este documento é derivado do \cite{abnt-bibtex-doc}},
	author = {Lauro César Araujo},
	date-added = {2013-01-12 22:55:32 +0000},
	date-modified = {2015-04-27 22:43:32 +0000},
	organization = {Equipe abnTeX2},
	title = {Modelo Canônico de Trabalho Acadêmico com abnTeX2},
	url = {http://www.abntex.net.br/},
	year = {2015},
	bdsk-url-1 = {http://www.abntex.net.br/}}

@thesis{araujo2012,
	address = {Brasília},
	author = {Lauro César Araujo},
	date-added = {2013-01-09 11:04:42 +0000},
	date-modified = {2013-01-09 11:04:42 +0000},
	month = {03},
	school = {Universidade de Brasília},
	subtitle = {uma perspectiva de {A}rquitetura da {I}nformação da {E}scola de {B}rasília},
	title = {Configuração},
	year = {2012},
	type = {Tese de Mestrado}}

@manual{memoir,
	address = {Normandy Park, WA},
	author = {Peter Wilson and Lars Madsen},
	date-added = {2013-01-09 10:37:50 +0000},
	date-modified = {2013-03-21 13:23:25 +0000},
	organization = {The Herries Press},
	title = {The Memoir Class for Configurable Typesetting - User Guide},
	url = {http://mirrors.ctan.org/macros/latex/contrib/memoir/memman.pdf},
	urlaccessdate = {2012-12-06},
	year = {2010},
	bdsk-url-1 = {http://ctan.tche.br/macros/latex/contrib/memoir/memman.pdf}}

@manual{abntex2cite-alf,
	annote = {Este documento é derivado do \cite{abnt-bibtex-alf-doc}},
	author = {Lauro César Araujo},
	date-added = {2013-01-09 10:37:45 +0000},
	date-modified = {2015-04-27 22:43:44 +0000},
	organization = {Equipe abnTeX2},
	title = {O pacote abntex2cite},
	subtitle = {tópicos específicos da ABNT NBR 10520:2002 e o estilo bibliográfico alfabético (sistema autor-data)},
	url = {http://www.abntex.net.br/},
	year = {2015},
	bdsk-url-1 = {http://www.abntex.net.br/}}

@manual{abntex2cite,
	annote = {Este documento é derivado do \cite{abnt-bibtex-doc}},
	author = {Lauro César Araujo},
	date-added = {2013-01-09 10:37:45 +0000},
	date-modified = {2015-04-27 22:43:38 +0000},
	organization = {Equipe abnTeX2},
	title = {O pacote abntex2cite},
	subtitle = {estilos bibliográficos compatíveis com a ABNT NBR 6023},
	url = {http://www.abntex.net.br/},
	year = {2015},
	bdsk-url-1 = {http://www.abntex.net.br/}}

@manual{abntex2classe,
	author = {Lauro César Araujo},
	date-added = {2013-01-09 10:37:38 +0000},
	date-modified = {2015-04-27 22:42:47 +0000},
	organization = {Equipe abnTeX2},
	title = {A classe abntex2},
	subtitle = {modelo canônico de trabalhos acadêmicos brasileiros compatível com as normas ABNT NBR 14724:2011, ABNT NBR 6024:2012 e outras},
	url = {http://www.abntex.net.br/},
	year = {2015},
	bdsk-url-1 = {http://www.abntex.net.br/}}

@manual{NBR10520:2002,
	address = {Rio de Janeiro},
	date-added = {2012-12-15 21:43:38 +0000},
	date-modified = {2013-01-12 22:17:20 +0000},
	month = {08},
	org-short = {ABNT},
	organization = {Associação Brasileira de Normas Técnicas},
	pages = 7,
	subtitle = {informação e documentação --- Apresentação de citações em documentos},
	title = {{NBR} 10520},
	year = 2002}

@manual{NBR6024:2012,
	address = {Rio de Janeiro},
	date-added = {2012-12-15 21:24:06 +0000},
	date-modified = {2012-12-15 21:24:28 +0000},
	month = {02},
	org-short = {ABNT},
	organization = {Associação Brasileira de Normas Técnicas},
	pages = 4,
	subtitle = {numeração progressiva das seções de um documento},
	title = {{NBR} 6024},
	year = 2012}

@manual{NBR6028:2003,
	address = {Rio de Janeiro},
	date-added = {2012-12-15 21:02:12 +0000},
	date-modified = {2012-12-15 21:02:50 +0000},
	month = {11},
	org-short = {ABNT},
	organization = {Associação Brasileira de Normas Técnicas},
	pages = 2,
	subtitle = {resumo - Apresentação},
	title = {{NBR} 6028},
	year = 2003}

@manual{NBR14724:2001,
	address = {Rio de Janeiro},
	date-added = {2012-12-15 20:34:08 +0000},
	date-modified = {2012-12-15 20:34:08 +0000},
	month = {07},
	org-short = {ABNT},
	organization = {Associação Brasileira de Normas Técnicas},
	pages = 6,
	subtitle = {informação e documentação --- trabalhos acadêmicos --- apresentação},
	title = {{NBR} 14724},
	year = 2001}

@manual{NBR14724:2002,
	address = {Rio de Janeiro},
	date-added = {2012-12-15 20:34:17 +0000},
	date-modified = {2012-12-15 20:34:17 +0000},
	month = {08},
	org-short = {ABNT},
	organization = {Associação Brasileira de Normas Técnicas},
	pages = 6,
	subtitle = {informação e documentação --- trabalhos acadêmicos --- apresentação},
	title = {{NBR} 14724},
	year = 2002}

@manual{NBR14724:2005,
	address = {Rio de Janeiro},
	date-added = {2012-12-15 20:34:08 +0000},
	date-modified = {2012-12-15 20:35:25 +0000},
	month = {12},
	org-short = {ABNT},
	organization = {Associação Brasileira de Normas Técnicas},
	pages = 9,
	subtitle = {informação e documentação --- trabalhos acadêmicos --- apresentação},
	title = {{NBR} 14724},
	year = 2005}

@manual{NBR14724:2011,
	address = {Rio de Janeiro},
	date-added = {2012-12-15 20:34:08 +0000},
	date-modified = {2012-12-15 20:35:25 +0000},
	month = {03},
	Note = {Substitui a Ref.~\textcite{NBR14724:2005}},
	org-short = {ABNT},
	organization = {Associação Brasileira de Normas Técnicas},
	pages = 15,
	subtitle = {informação e documentação --- trabalhos acadêmicos --- apresentação},
	title = {{NBR} 14724},
	year = 2011}

@article{van86,
	author = {{van}, Gigch, John P. and Leo L. Pipino},
	journal = {Future Computing Systems},
	number = {1},
	pages = {71-97},
	title = {In search for a paradigm for the discipline of information systems},
	volume = {1},
	year = {1986}}

@thesis{guizzardi2005,
	address = {Enschede, The Netherlands},
	author = {Giancarlo Guizzardi},
	date-added = {2012-04-23 11:35:28 +0000},
	date-modified = {2012-04-23 11:35:28 +0000},
	school = {Centre for Telematics and Information Technology, University of Twente},
	title = {Ontological Foundations for Structural Conceptual Models},
	url = {http://www.loa.istc.cnr.it/Guizzardi/SELMAS-CR.pdf},
	urlaccessdate = {2011-07-03},
	year = {2005},
	type = {PhD Thesis},
	bdsk-url-1 = {http://www.loa.istc.cnr.it/Guizzardi/SELMAS-CR.pdf}}

@thesis{macedo2005,
	author = {Flávia L. Macedo},
	date-added = {2012-04-23 11:35:13 +0000},
	date-modified = {2012-04-23 11:35:13 +0000},
	keywords = {arquitetura da informação},
	school = {Universidade de Brasília},
	title = {Arquitetura da Informação},
	subtitle = {aspectos espistemológicos, científicos e práticos.},
	Type = {Dissertação de Mestrado},
	year = {2005},
	type = {Tese de Mestrado}}

@manual{EIA649B,
	address = {EUA},
	editor = {TechAmerica},
	date-added = {2012-04-23 11:34:59 +0000},
	date-modified = {2012-04-23 11:34:59 +0000},
	keywords = {norma},
	month = {06},
	organization = {TechAmerica},
	title = {ANSI/EIA 649-B},
	subtitle = {Configuration Management Standard},
	year = {2011}}

@inproceedings{masolo2010,
	author = {Claudio Masolo},
	booktitle = {Proceedings of the Twelfth International Conference on the Principles of Knowledge Representation and Reasoning (KR 2010)},
	date-added = {2012-04-23 11:34:38 +0000},
	date-modified = {2012-04-23 11:34:38 +0000},
	editor = {Lin, F. and Sattler, U.},
	pages = {258-268},
	publisher = {AAAI Press},
	title = {Understanding Ontological Levels},
	url = {http://wiki.loa-cnr.it/Papers/kr10v0.7.pdf},
	urlaccessdate = {2012-01-02},
	year = {2010},
	bdsk-url-1 = {http://wiki.loa-cnr.it/Papers/kr10v0.7.pdf}}

@inbook{guarino1995,
	address = {Vienna},
	author = {Nicola Guarino},
	booktitle = {Philosophy and the Cognitive Science},
	date-added = {2012-04-23 11:34:29 +0000},
	date-modified = {2012-04-23 11:34:29 +0000},
	editor = {R. Casati and B. Smith and G. White},
	month = {09},
	pages = {443-456},
	publisher = {Holder-Pivhler-Tempsky},
	title = {The Ontological Level},
	url = {http://wiki.loa-cnr.it/Papers/OntLev.pdf},
	urlaccessdate = {2012-01-02},
	year = {1995},
	bdsk-url-1 = {http://wiki.loa-cnr.it/Papers/OntLev.pdf}}

@incollection{bates2010,
	address = {New York},
	author = {Marcia J. Bates},
	booktitle = {Encyclopedia of Library and Information Sciences},
	date-added = {2012-04-23 11:34:29 +0000},
	date-modified = {2012-04-23 11:34:29 +0000},
	edition = {3rd},
	editor = {Marcia J. Bates and Mary Niles Maack},
	pages = {2347-2360},
	publisher = {CRC Press},
	title = {Information},
	url = {http://pages.gseis.ucla.edu/faculty/bates/articles/information.html},
	urlaccessdate = {2011-10-24},
	volume = {3},
	year = {2010},
	bdsk-url-1 = {http://pages.gseis.ucla.edu/faculty/bates/articles/information.html}}

@book{doxiadis1965,
	author = {Constantinos A. Doxiadis},
	date-added = {2012-04-23 11:34:20 +0000},
	date-modified = {2012-04-23 11:34:20 +0000},
	publisher = {Ceira - Coimbra},
	title = {Arquitetura em Transição},
	year = {1965}}

@book{dewey1980,
	address = {New York, NY, USA},
	author = {John Dewey},
	date-added = {2012-04-23 11:34:16 +0000},
	date-modified = {2012-04-23 11:34:16 +0000},
	publisher = {Perigee Books},
	title = {Art as Experience},
	year = {1980}}

@inproceedings{cito_empirical_2017,
	title = {An {{Empirical Analysis}} of the {{Docker Container Ecosystem}} on {{GitHub}}},
	doi = {10.1109/MSR.2017.67},
	abstract = {Docker allows packaging an application with its dependencies into a standardized, self-contained unit (a so-called container), which can be used for software development and to run the application on any system. Dockerfiles are declarative definitions of an environment that aim to enable reproducible builds of the container. They can often be found in source code repositories and enable the hosted software to come to life in its execution environment. We conduct an exploratory empirical study with the goal of characterizing the Docker ecosystem, prevalent quality issues, and the evolution of Dockerfiles. We base our study on a data set of over 70000 Dockerfiles, and contrast this general population with samplings that contain the Top-100 and Top-1000 most popular Docker-using projects. We find that most quality issues (28.6\%) arise from missing version pinning (i.e., specifying a concrete version for dependencies). Further, we were not able to build 34\% of Dockerfiles from a representative sample of 560 projects. Integrating quality checks, e.g., to issue version pinning warnings, into the container build process could result into more reproducible builds. The most popular projects change more often than the rest of the Docker population, with 5.81 revisions per year and 5 lines of code changed on average. Most changes deal with dependencies, that are currently stored in a rather unstructured manner. We propose to introduce an abstraction that, for instance, could deal with the intricacies of different package managers and could improve migration to more light-weight images.},
	eventtitle = {2017 IEEE/ACM 14th International Conference on Mining Software Repositories (MSR)},
	timestamp = {2017-08-22T01:41:49Z},
	booktitle = {2017 {{IEEE}}/{{ACM}} 14th {{International Conference}} on {{Mining Software Repositories}} ({{MSR}})},
	author = {Cito, J. and Schermann, G. and Wittern, J. E. and Leitner, P. and Zumberi, S. and Gall, H. C.},
	date = {2017-05},
	pages = {323--333},
	note = {00000},
	keywords = {Computer languages,Containers,docker,docker container ecosystem,dockerfile evolution,docker-using projects,Ecosystems,empirical software engineering,GitHub,Sociology,software,software development,Software engineering,source code (software),Statistics,Tools},
	file = {Cito et al. - 2017 - An Empirical Analysis of the Docker Container Ecos.pdf:/home/ealves/.mozilla/firefox/e1uwsbdp.default/zotero/storage/TIKW97QP/Cito et al. - 2017 - An Empirical Analysis of the Docker Container Ecos.pdf:application/pdf;IEEE Xplore Abstract Record:/home/ealves/.mozilla/firefox/e1uwsbdp.default/zotero/storage/U2QC6GZN/7962382.html:text/html}
}

@online{_overview_2017-1,
	title = {Overview of {{Docker Compose}}},
	url = {https://docs.docker.com/compose/overview/},
	abstract = {Introduction and Overview of Compose},
	timestamp = {2017-08-23T03:58:28Z},
	journaltitle = {Docker Documentation},
	author = {{Docker Documentation Team}},
	urldate = {2017-08-21},
	date = {2017-08-22},
	note = {00000},
	file = {Snapshot:/home/ealves/.mozilla/firefox/e1uwsbdp.default/zotero/storage/SFDPVBGT/overview.html:text/html}
}


@article{amaral_websites_2011,
	title = {Websites Acessíveis e o uso de CMS},
	volume = {6},
	rights = {Direitos autorais},
	url = {http://www.seer.ufrgs.br/index.php/cadernosdeinformatica/article/view/v6n1p187-194},
	abstract = {The use of content management system makes the web implementation more practical, modular and easier maintenance. But many of these environments do not contemplate accessible websites implementations that focus on special needs. This article reports a study that aimed to develop a website for dissemination of the Research Project on Descriptive Geometry for the hearing impaired and visually. The article describes the adjustments and technical aspects involved in using the Joomla CMS to implement the website accessible.},
	timestamp = {2017-04-06T12:57:53Z},
	langid = {portuguese},
	number = {1},
	journaltitle = {Cadernos de Informática},
	author = {Amaral, Marília A. and Cecílio, Ricardo and Ulbricht, Vania R. and Berg, Carlos H. and Dandolini, Gertrudes and Kaminski, Douglas},
	urldate = {2017-04-06},
	date = {2011},
	pages = {187--194},
	file = {Amaral et al. - 2011 - Websites Acessíveis e o uso de CMS.pdf:/home/ealves/.mozilla/firefox/e1uwsbdp.default/zotero/storage/7F8IJGM7/Amaral et al. - 2011 - Websites Acessíveis e o uso de CMS.pdf:application/pdf;Snapshot:/home/ealves/.mozilla/firefox/e1uwsbdp.default/zotero/storage/9EI2XG6P/v6n1p187-194.html:text/html}
}

@article{coelho_o_2011,
	title = {O Uso Do {{CMS Joomla}} e Suas Ferramentas Hipertextuais Na Produção de Sites Educativos e de Material Didático Online},
	volume = {4},
	timestamp = {2017-08-19T14:41:57Z},
	number = {2},
	journaltitle = {Texto Livre: Linguagem e Tecnologia},
	author = {Coelho, Marcos Antônio Pereira and de Miranda, Fabiana Aguiar and Azevedo, Jeferson Cabral and Fettermann, Joyce Vieira and de Souza Medeiros, Carlos Henrique and das Chagas Ribeiro, Daniella Costantini},
	date = {2011},
	pages = {38--46},
	note = {00006},
	options = {useprefix=true}
}

@collection{kappel_web_2006,
	location = {{Chichester}},
	title = {Web Engineering: The Discipline of Systematic Development of {{Web}} Applications},
	isbn = {978-0-470-01554-4},
	shorttitle = {Web Engineering},
	pagetotal = {366},
	timestamp = {2017-08-19T14:41:22Z},
	langid = {english},
	publisher = {{Wiley}},
	editor = {Kappel, Gerti},
	date = {2006},
	note = {00003 
	OCLC: 255177882},
	keywords = {Aufsatzsammlung,Gestaltung,Programmierung,Softwareentwicklung,Web services,Website,Web site development,World Wide Web},
	annotation = {Enth. Literaturang. (S. 337-355) u. Index},
	file = {Table of Contents PDF:/home/ealves/.mozilla/firefox/e1uwsbdp.default/zotero/storage/FT7FU6HZ/Kappel - 2006 - Web engineering the discipline of systematic deve.pdf:application/pdf}
}


@article{chagas_um_2008,
	title = {Um Estudo Sobre Os Sistemas de Gerenciamento de Conteúdo de Código Aberto},
	url = {http://www.portal.inf.ufg.br/sites/default/files/uploads/relatorios-tecnicos/RT-INF_002-08.pdf},
	timestamp = {2017-08-19T14:41:14Z},
	journaltitle = {Instituto de Informática, Universidade Federal de Goiás},
	author = {Chagas, Fernando and de Carvalho, Cedric Luiz and da Silva, João Carlos},
	urldate = {2017-04-06},
	date = {2008},
	note = {00002},
	options = {useprefix=true},
	file = {Chagas et al. - 2008 - Um estudo sobre os sistemas de gerenciamento de co.pdf:/home/ealves/.mozilla/firefox/e1uwsbdp.default/zotero/storage/DCR6W7R4/Chagas et al. - 2008 - Um estudo sobre os sistemas de gerenciamento de co.pdf:application/pdf}
}
